@misc{1,
  AUTHOR = {Android},
  TITLE  = {http://www.android.com/phones-and-tablets/},
  NOTE   = {Great devices with the best of Android},
  EDITOR = {Android},
  URL    = {http://www.android.com/phones-and-tablets/}
}

@misc{2,
  AUTHOR = {Android},
  TITLE  = {http://developer.android.com/about/dashboards/index.html},
  NOTE   = {Android Dashboards},
  EDITOR = {Android},
  URL    = {http://developer.android.com/about/dashboards/index.html}
}


