@misc{1,
  AUTHOR = {Android},
  TITLE  = {Great devices with the best of Android [en l\'inea]},
  NOTE   = {[Consulta: 20 de Abril]},
  howpublished = {$<$\url{http://www.android.com/phones-and-tablets}$>$},
}

@misc{2,
  AUTHOR = {Android},
  TITLE  = {Android Dashboards [en l\'inea]},
  NOTE   = {[Consulta: 20 de Abril]}, 
  howpublished = {$<$\url{http://developer.android.com/about/dashboards}$>$},
}

@misc{3,
  AUTHOR = {Emir Hasanbegovic},
  TITLE  = {Android Device Screen Sizes [en l\'inea]},
  NOTE   = {[Consulta: 25 de Abril]},
  howpublished = {$<$\url{http://www.emirweb.com/ScreenDeviceStatistics.php}$>$}, 
}

@misc{4,
  AUTHOR = {OpenSignal},
  TITLE  = {Android Fragmentation Visualized (July 2013) [en l\'inea]},
  NOTE   = {[Consulta: 25 de Abril]},
  howpublished = {$<$\url{http://opensignal.com/reports/fragmentation-2013}$>$}, 
}

@misc{5,
  AUTHOR = {AppBrain},
  TITLE  = {Ratings of apps on Google Play [en l\'inea]},
  NOTE   = {[Consulta: 3 de Mayo},
  howpublished = {$<$\url{http://www.appbrain.com/stats/android-app-ratings}$>$}, 
}

@misc{6,
  AUTHOR = {Ben Elgin},
  TITLE  = {Google Buys Android for Its Mobile Arsenal. Bloomberg Businessweek. Bloomberg[en l\'inea]},
  NOTE   = {[Consulta: 4 de Mayo]},
  howpublished = {$<$\url{http://www.businessweek.com/stories/2005-08-16/google-buys-android-for-its-mobile-arsenal}$>$}, 
}

@misc{7,
  AUTHOR = {The Atlantic},
  TITLE  = {The Day Google Had to Start Over on Android [en l\'inea]},
  NOTE   = {[Consulta: 4 de Mayo]},
  howpublished = {$<$\url{http://www.theatlantic.com/technology/archive/2013/12/the-day-google-had-to-start-over-on-android/282479/}$>$}, 
}

@misc{8,
  AUTHOR = {Open Handset Alliance},
  TITLE  = {Industry Leaders Announce Open Platform for Mobile Devices [en l\'inea]},
  NOTE   = {[Consulta: 4 de Mayo]},
  howpublished = {$<$\url{http://www.openhandsetalliance.com/press_110507.html}$>$}, 
}

@misc{9,
  AUTHOR = {Androideity},
  TITLE  = {Arquitectura de Android [en l\'inea]},
  NOTE   = {[Consulta: 4 de Mayo]},
  howpublished = {$<$\url{http://androideity.com/2011/07/04/arquitectura-de-android/}$>$}, 
}

@book{10,
 author = {Murach, Joel},
 title = {Murach's Android Programming},
 year = {2013},
 isbn = {1890774715, 9781890774714},
 publisher = {Mike Murach \& Associates},
} 

@misc{11,
  AUTHOR = {Android},
  TITLE  = {Check System Version at Runtime [en l\'inea]},
  NOTE   = {[Consulta: 4 de Mayo}, 
  howpublished = {$<$\url{https://developer.android.com/training/basics/supporting-devices/platforms.html}$>$},
}

@misc{12,
  AUTHOR = {Android},
  TITLE  = {Android 2.3 Platform and Updated SDK Tools [en l\'inea]},
  NOTE   = {[Consulta: 4 de Mayo}, 
  howpublished = {$<$\url{http://android-developers.blogspot.com/2010/12/android-23-platform-and-updated-sdk.html}$>$},
}

@misc{13,
  AUTHOR = {Erikrespo},
  TITLE  = {Historical Android version distribution according to Android Market$/$Play Store usage. From December 2009 to February 2014. [en l\'inea]},
  NOTE   = {[Consulta: 4 de Mayo}, 
  howpublished = {$<$\url{http://en.wikipedia.org/wiki/File:Android_historical_version_distribution_-_vector.svg}$>$},
}

@misc{14,
  AUTHOR = {OpenSignal},
  TITLE  = {The many faces of a little green robot (August 2012) [en l\'inea]},
  NOTE   = {[Consulta: 25 de Abril]},
  howpublished = {$<$\url{http://opensignal.com/reports/fragmentation.php}$>$}, 
}

@misc{15,
  AUTHOR = {\'Angel J. Vico},
  TITLE  = {Arquitectura de Android [en l\'inea]},
  NOTE   = {[Consulta: 4 de Mayo]},
  howpublished = {$<$\url{http://columna80.wordpress.com/2011/02/17/arquitectura-de-android/}$>$}, 
}

@misc{16,
  AUTHOR = {staffcreativa},
  TITLE  = {Los curiosos nombres de las diferentes versiones de Android [en l\'inea]},
  NOTE   = {[Consulta: 4 de Mayo]},
  howpublished = {$<$\url{http://blog.staffcreativa.pe/android-google/}$>$}, 
}

@misc{17,
  AUTHOR = {Android},
  TITLE  = {Supporting Multiple Screens [en l\'inea]},
  NOTE   = {[Consulta: 4 de Mayo]},
  howpublished = {$<$\url{https://developer.android.com/guide/practices/screens_support.html/}$>$}, 
}






